<?xml version="1.0" encoding="UTF-8"?><collection><record><leader>04694ntm a2200505 a 4500</leader><controlfield tag="001">006813660</controlfield><controlfield tag="003">MiAaHDL</controlfield><controlfield tag="005">20190719000000.0</controlfield><controlfield tag="006">m        d        </controlfield><controlfield tag="007">cr bn ---auaua</controlfield><controlfield tag="008">090606q15811582xx            00| ||per d</controlfield><datafield tag="035" ind1=" " ind2=" "><subfield code="a">(MiU)006813660</subfield></datafield><datafield tag="035" ind1=" " ind2=" "><subfield code="a">sdr-miu006813660</subfield></datafield><datafield tag="040" ind1=" " ind2=" "><subfield code="a">MiU</subfield><subfield code="c">MiU</subfield><subfield code="e">amremm</subfield></datafield><datafield tag="043" ind1=" " ind2=" "><subfield code="a">n-us-mi</subfield><subfield code="a">a-ir---</subfield><subfield code="a">ff-----</subfield><subfield code="a">aw-----</subfield><subfield code="a">e-sp---</subfield></datafield><datafield tag="100" ind1="0" ind2=" "><subfield code="6">880-01</subfield><subfield code="a">Saʻdī.</subfield></datafield><datafield tag="245" ind1="1" ind2="0"><subfield code="6">880-03</subfield><subfield code="a">Būstān,</subfield><subfield code="f">[989, i.e. 1581 or 1582].</subfield></datafield><datafield tag="260" ind1=" " ind2=" "><subfield code="a">[Qazvīn,</subfield><subfield code="c">1581 or 1582].</subfield></datafield><datafield tag="300" ind1=" " ind2=" "><subfield code="a">164 leaves :</subfield><subfield code="b">paper ;</subfield><subfield code="c">210 x 140 (145 x 80) mm.</subfield></datafield><datafield tag="500" ind1=" " ind2=" "><subfield code="a">Shelfmark: Ann Arbor, University of Michigan, Special Collections Library, Isl. Ms. 303</subfield></datafield><datafield tag="500" ind1=" " ind2=" "><subfield code="a">Origin: As appears in colophon on fol.163b, copying completed in the year 989 [1581 or 1582] in Qazvīn.</subfield></datafield><datafield tag="500" ind1=" " ind2=" "><subfield code="a">Binding: Pasteboard (quite thin) covered in dark brown leather; Type III binding (without flap); upper and lower covers bear a gold-tooled central crosshatched diamond figure with emanating vertical lines that evoke pendants; doublures covered in orange paper; initial and final leaves covered in blue marbled paper; likely not the original binding since traces of a flap are found on fol.1a; in good condition.</subfield></datafield><datafield tag="500" ind1=" " ind2=" "><subfield code="a">Support: non-European (Persian) laid paper with laid lines running horizontally at roughly 8 laid lines per cm., chain lines running vertically and evenly spaced 30 mm. apart.</subfield></datafield><datafield tag="500" ind1=" " ind2=" "><subfield code="a">Decoration: Illuminated headpiece on incipit page (fol.1b) consists of two rectangular panels; the lower panel contains an empty gold cartouche on a lapis lazuli field flanked by two palmettes and vegetal accents, dominant colors are gold, red, light blue, white; upper panel features a semi-circular piece protruding through the top of the panel, executed in gold, black, red, lapis lazuli, and reddish-brown and decorated with vegetal designs including gold vines and flowers in light blue, red, pink, and some yellow; text is bordered by frame in red (reddish-orange), green, black, and gold; frame of incipit page adds light blue band and eliminates green band; text of incipit and facing pages is decorated with gold cloud-bands; text on all pages following the incipit and facing pages is set in a field of light blue flecked with gold; hemistiches are separated by two fine golden bands; text partially rubricated with headings in red and yellow (or gold), now faded.</subfield></datafield><datafield tag="500" ind1=" " ind2=" "><subfield code="a">Script: Nasta‘līq; single hand.</subfield></datafield><datafield tag="500" ind1=" " ind2=" "><subfield code="a">Layout: Written in 12 lines per page; single column of text, each line comprising a verse of poetry, with the two hemstitches of each verse divided by two thin, golden, bands.</subfield></datafield><datafield tag="500" ind1=" " ind2=" "><subfield code="a">Collation: 20 IV (160), II (164); chiefly quaternions with one binion; catchwords lacking; pagination in pencil, Western numerals (referenced in cataloguing).</subfield></datafield><datafield tag="500" ind1=" " ind2=" "><subfield code="a">Colophon: "Scribal," triangular, reads: "تمت الكتاب بعون الله الملك الوهاب على يد الفقير الحقير المحتاج الى رحمة الله الغني عزيز في شهور سنة ۹۸۹ بدار السلطنة القزوين"</subfield></datafield><datafield tag="500" ind1=" " ind2=" "><subfield code="a">Explicit: "جز اين اعتمادم بيارى تست اميدم به آمرزگارى تست بضاعت نيارم الا اميد خدايا ز عفوم مكن نااميد"</subfield></datafield><datafield tag="500" ind1=" " ind2=" "><subfield code="a">Incipit: " بنام خداوند جان آفرين حكيم سخن در زبان آفرين خداوند بخشنده دسنگير كريم خطابخش و پوزش پذير"</subfield></datafield><datafield tag="500" ind1=" " ind2=" "><subfield code="a">Title from preface fol.5a.</subfield></datafield><datafield tag="500" ind1=" " ind2=" "><subfield code="a">Ms. codex.</subfield></datafield><datafield tag="520" ind1="8" ind2=" "><subfield code="a">Fine copy of Saʻdī's Būstān. Description provided by Derek Mancini-Lander.</subfield></datafield><datafield tag="538" ind1=" " ind2=" "><subfield code="a">Mode of access: Internet.</subfield></datafield><datafield tag="541" ind1=" " ind2=" "><subfield code="c">Purchase ;</subfield><subfield code="a">Acquired by purchase (funds donated by Horace Rackham).</subfield><subfield code="d">1924.</subfield></datafield><datafield tag="546" ind1=" " ind2=" "><subfield code="a">Persian.</subfield></datafield><datafield tag="561" ind1=" " ind2=" "><subfield code="a">No ownership marks are visible, though they may have been covered with the sheets of marbled paper pasted onto the intial and final leaves of the codex; there are traces of one seal impression (completely faded) placed either on the incipit page (fol.1b) or on the recto of the same folio (now covered with marbled paper); possible former shelfmark on tail-edge of textblock.</subfield></datafield><datafield tag="650" ind1=" " ind2="0"><subfield code="a">Manuscripts, Persian</subfield><subfield code="z">Michigan</subfield><subfield code="z">Ann Arbor.</subfield></datafield><datafield tag="650" ind1=" " ind2="0"><subfield code="a">Persian poetry</subfield><subfield code="y">747-1500.</subfield></datafield><datafield tag="655" ind1=" " ind2="7"><subfield code="a">Headpieces (layout features)</subfield><subfield code="z">Islamic empire</subfield><subfield code="y">16th century.</subfield><subfield code="2">aat</subfield></datafield><datafield tag="700" ind1="0" ind2=" "><subfield code="a">Abdülhamid</subfield><subfield code="b">II,</subfield><subfield code="c">Sultan of the Turks,</subfield><subfield code="d">1842-1918,</subfield><subfield code="e">former owner.</subfield></datafield><datafield tag="752" ind1=" " ind2=" "><subfield code="a">Iran</subfield><subfield code="d">Qazvīn.</subfield></datafield><datafield tag="773" ind1="0" ind2=" "><subfield code="a">Abdul Hamid Collection.</subfield></datafield><datafield tag="880" ind1="1" ind2="0"><subfield code="6">245-03/</subfield><subfield code="a">بوستان,</subfield><subfield code="f">[989ه, 1581 يا 1582م].</subfield></datafield><datafield tag="880" ind1="0" ind2=" "><subfield code="6">100-01/</subfield><subfield code="a">سعدى.</subfield></datafield><datafield tag="CID" ind1=" " ind2=" "><subfield code="a">006813660</subfield></datafield><datafield tag="DAT" ind1="0" ind2=" "><subfield code="a">20190719102638.0</subfield><subfield code="b">20190719000000.0</subfield></datafield><datafield tag="DAT" ind1="1" ind2=" "><subfield code="a">20190719090653.0</subfield><subfield code="b">2019-07-19T16:11:45Z</subfield></datafield><datafield tag="DAT" ind1="2" ind2=" "><subfield code="a">2015-10-10T18:00:06Z</subfield></datafield><datafield tag="CAT" ind1=" " ind2=" "><subfield code="a">SDR-MIU</subfield><subfield code="d">EX LIBRIS - ALEPH</subfield><subfield code="l">prepare.pl-004-008</subfield></datafield><datafield tag="FMT" ind1=" " ind2=" "><subfield code="a">BK</subfield></datafield><datafield tag="HOL" ind1=" " ind2=" "><subfield code="0">sdr-miu006813660</subfield><subfield code="a">MiU</subfield><subfield code="b">SDR</subfield><subfield code="c">MIU</subfield><subfield code="p">mdp.39015079128487</subfield><subfield code="s">MIU</subfield><subfield code="1">006813660</subfield></datafield><datafield tag="974" ind1=" " ind2=" "><subfield code="b">MIU</subfield><subfield code="c">MIU</subfield><subfield code="d">20190719</subfield><subfield code="s">lit-dlps-dc</subfield><subfield code="u">mdp.39015079128487</subfield><subfield code="y">1582</subfield><subfield code="r">pd</subfield><subfield code="q">bib</subfield><subfield code="t">non-US bib date2 &lt; 1896</subfield></datafield></record></collection>